<?xml version="1.0" encoding="UTF-8"?>
<record xmlns="http://www.loc.gov/MARC21/slim">
   <leader>01540nam a22003497a 4500</leader>
   <controlfield tag="001">000033947626</controlfield>
   <controlfield tag="003">CaOOAMICUS</controlfield>
   <controlfield tag="005">20080513133533.0</controlfield>
   <controlfield tag="008">080513s2008    abc          s000 0 eng  </controlfield>
   <datafield tag="020" ind1=" " ind2=" ">
      <subfield code="a">9780778574781</subfield>
   </datafield>
   <datafield tag="040" ind1=" " ind2=" ">
      <subfield code="a">CaOONL</subfield>
      <subfield code="b">eng</subfield>
      <subfield code="c">CaOONL</subfield>
   </datafield>
   <datafield tag="055" ind1=" " ind2="4">
      <subfield code="a">TC 426.5*</subfield>
   </datafield>
   <datafield tag="240" ind1="0" ind2="0">
      <subfield code="a">Alberta environment and Alberta infrastructure and transportation :</subfield>
      <subfield code="b">revised highwood diversion plan.</subfield>
   </datafield>
   <datafield tag="245" ind1="0" ind2="0">
      <subfield code="a">Alberta environment and Alberta infrastructure and transportation : revised highwood diversion plan 2008</subfield>
      <subfield code="b">revised highwood diversion plan.</subfield>
   </datafield>
   <datafield tag="246" ind1="1" ind2="0">
      <subfield code="a">Revised Highwood diversion plan</subfield>
   </datafield>
   <datafield tag="260" ind1=" " ind2=" ">
      <subfield code="a">[Edmonton] :</subfield>
      <subfield code="b">Natural Resources Conservation Board,</subfield>
      <subfield code="c">2008.</subfield>
   </datafield>
   <datafield tag="300" ind1=" " ind2=" ">
      <subfield code="a">45, [8] p. :</subfield>
      <subfield code="b">ill., maps ;</subfield>
      <subfield code="c">28 cm.</subfield>
   </datafield>
   <datafield tag="490" ind1="1" ind2=" ">
      <subfield code="a">Board decision ;</subfield>
      <subfield code="v">NR 2008-01</subfield>
   </datafield>
   <datafield tag="500" ind1=" " ind2=" ">
      <subfield code="a">Cover title.</subfield>
   </datafield>
   <datafield tag="500" ind1=" " ind2=" ">
      <subfield code="a">"April 2008".</subfield>
   </datafield>
   <datafield tag="500" ind1=" " ind2=" ">
      <subfield code="a">"NRCB application No. 0603".</subfield>
   </datafield>
   <datafield tag="530" ind1=" " ind2=" ">
      <subfield code="a">Available also on the Internet.</subfield>
   </datafield>
   <datafield tag="650" ind1=" " ind2="0">
      <subfield code="a">Water diversion</subfield>
      <subfield code="x">Environmental aspects</subfield>
      <subfield code="z">Alberta</subfield>
      <subfield code="z">Highwood River.</subfield>
   </datafield>
   <datafield tag="650" ind1=" " ind2="0">
      <subfield code="a">Water resources development</subfield>
      <subfield code="z">Alberta</subfield>
      <subfield code="z">Highwood River.</subfield>
   </datafield>
   <datafield tag="650" ind1=" " ind2="0">
      <subfield code="a">Environmental impact analysis</subfield>
      <subfield code="z">Alberta</subfield>
      <subfield code="z">Highwood River.</subfield>
   </datafield>
   <datafield tag="651" ind1=" " ind2="0">
      <subfield code="a">Highwood River (Alta.)</subfield>
   </datafield>
   <datafield tag="710" ind1="1" ind2=" ">
      <subfield code="a">Alberta.</subfield>
      <subfield code="b">Natural Resources Conservation Board.</subfield>
   </datafield>
   <datafield tag="830" ind1=" " ind2="0">
      <subfield code="a">Board decision (Natural Resources Conservation Board) ;</subfield>
      <subfield code="v">NR 2008-01.</subfield>
   </datafield>
   <datafield tag="852" ind1=" " ind2=" ">
      <subfield code="9">1</subfield>
      <subfield code="a">CaAEE</subfield>
      <subfield code="h">TC 426.5 A3 L76 A333 2008; Internet Access; http://www.nrcb.gov.ab.ca/downloads/documentloader.aspx?id=4684</subfield>
      <subfield code="z">ILL: yes</subfield>
   </datafield>
   <datafield tag="852" ind1=" " ind2=" ">
      <subfield code="9">2</subfield>
      <subfield code="a">CaAEU</subfield>
      <subfield code="h">TC 426.5 A3 A673 2008; Internet Access; http://www.nrcb.gov.ab.ca/downloads/documentloader.aspx?id=4684</subfield>
      <subfield code="z">ILL: yes</subfield>
   </datafield>
   <datafield tag="852" ind1=" " ind2=" ">
      <subfield code="9">3</subfield>
      <subfield code="a">CaOONL</subfield>
      <subfield code="h">COP.AL.2.2008-113</subfield>
      <subfield code="z">ILL: no</subfield>
   </datafield>
   <datafield tag="910" ind1="2" ind2=" ">
      <subfield code="a">NRCB.</subfield>
   </datafield>
   <datafield tag="990" ind1="1" ind2="0">
      <subfield code="a">91001a</subfield>
      <subfield code="b">71001ab</subfield>
   </datafield>
</record>
